@TECHREPORT{DeBackerEtAl:2017b,
  AUTHOR = {Jason DeBacker and Richard W. Evans and Evan Magnusson and Kerk L. Phillips and Shanthi Ramnath and Isaac Swift},
  TITLE = {The Distributional Effects of Redistributional Tax Policy},
  INSTITUTION = {Open Source Macroeconomics Laboratory},
  YEAR = {2017b},
  type = {mimeo},
  month = {January},
}

@Article{DEP:2019,
  author={Jason DeBacker and Richard W. Evans and Kerk L. Phillips},
  title={{Integrating Microsimulation Models of Tax Policy into a {DGE} Macroeconomic Model}},
  journal={Public Finance Review},
  year=2019,
  volume={47},
  number={2},
  pages={207-275},
  month={March},
  url={https://ideas.repec.org/a/sae/pubfin/v47y2019i2p207-275.html}
}

@TECHREPORT{KS2025,
  AUTHOR = {Charles Kenny and Justin Sandefur},
  TITLE = {How Many Lives Does US Foreign Aid Save?},
  INSTITUTION = {Center for Global Development},
  YEAR = {2025},
  type = {mimeo},
  month = {March},
  url={https://www.cgdev.org/blog/how-many-lives-does-us-foreign-aid-save}
}